@online{da14580,
    author    = "Dialog Semiconductor",
    title     = "SmartBond DA14580 Bluetooth Smart power size and system cost without compromise",
    url       = "http://www.dialog-semiconductor.com/products/connectivity/bluetooth-smart/smartbond-da14580",
    keywords  = "da14580,dialog"
}

@online{wiki01,
    author    = "wikipedia",
    title     = "嵌入式操作系统",
    url       = "https://en.wikipedia.org/wiki/Embedded_operating_system",
    keywords  = "嵌入式操作系统"
}

@online{wiki02,
    author = "wikipedia",
    title	 = "嵌入式Linux",
    url = "https://en.wikipedia.org/wiki/Linux_on_embedded_systems " ,
    keywords =  "嵌入式操作系统,Linux"
}

@online{wiki03,
	 author = "wikipedia",
	 title	 = "Vxworks",
	 url = "https://en.wikipedia.org/wiki/VxWorks" ,
	 keywords =  "Vxworks"
}

@online{wiki04,
	 author = "wikipedia",
	 title	 = "windows CE",
	 url = "https://en.wikipedia.org/wiki/Windows_CE",
	 keywords =  "windows CE"
}

@online{wiki05,
	 author = "wikipedia",
	 title	 = "Micro-Controller Operating Systems",
	 url = "https://en.wikipedia.org/wiki/Micro-Controller_Operating_Systems" ,
	 keywords =  "Micro-Controller Operating Systems,μC/OS-II"
}

@online{wiki06,
	 author = "维基百科",
	 title	 = "System Idle Process",
	 url = " https://en.wikipedia.org/wiki/System_Idle_Process" ,
	 keywords =  "System Idle Process"
}
		 
@online{cc2540,
    author    = "Texas Instruments",
    title     = " CC2540 | Bluetooth  / 蓝牙低耗能 | 无线连接 | 描述与参数 ",
    url       = "http://www.ti.com.cn/product/cn/CC2540",
    keywords  = "cc2540,ti"
}

@MISC{noauthor_undated-cw,
  title        = "[No title]",
  howpublished = "\url{http://www.ti.com/lit/wp/spry238/spry238.pdf}",
  note         = "Accessed: 2016-3-12"
}

@online{csr101x,
    author    = "CSR",
    title     = "CSR µEnergy® CSR101x Family",
    url       = "http://www.csr.com/sites/default/files/csr101x_family_product_brief.pdf",
    keywords  = "csr101x,csr"
}

@online{survey,
    author = "Embedded Systems Design magazine",
    title  = "2014 Embedded Market Survey",
    url = "http://www.embedded.com/electronics-blogs/embedded-market-surveys/4440709/2014-Embedded-Market-Survey",
    keywords = "Embedded Market"
}

@ARTICLE{rtos, 
    author={T. N. B. Anh and S. L. Tan}, 
    journal={IEEE Micro}, 
    title={Real-Time Operating Systems for Small Microcontrollers}, 
    year={2009}, 
    volume={29}, 
    number={5}, 
    pages={30-45}, 
    keywords={embedded systems;microcontrollers;operating systems (computers);benchmarking method;microcontroller;processor-based embedded system design;real-time operating system;Application software;Delay;Embedded system;Microcontrollers;Operating systems;Process design;Processor scheduling;Real time systems;Resource management;Switches;RTOS;RTOS benchmarking;kernel;operating system;real-time systems}, 
    doi={10.1109/MM.2009.86}, 
    ISSN={0272-1732}, 
}

@online{rtos_in_mcu,
    author    = "Texas Instruments",
    title     = "Why Use a Real-Time Operating System in MCU Applications",
    url       = "http://www.ti.com/lit/wp/spry238/spry238.pdf",
    keywords  = "rtos,mcu,ti"
}

@MISC{os,
  title        = "三种嵌入式操作系统的分析与比较 - 随意ru风的专栏 - 博客频道 - {CSDN.NET}",
  abstract     = "
                  OC是C的''超集(superset)''。两者有紧密的联系。一般项目开发中都是OC。都是c基础上高级的拓展，偶尔还会使用C的一些特性，
                  比如
                  ：基本数据类型的变量定义，一些简单的数学方法等等。C语言的所有功能在编写OC代码时依然试用。因此，必须同时掌握好C与OC这两门语言的核心概念，才能写出高效的OC代码来。其中尤为重要的是理解c语言的内存模型(memory
                  model)，这有助于理解",
  howpublished = "\url{http://blog.csdn.net/sui_yirufeng/article/details/8997008}",
  note         = "Accessed: 2016-3-12"
}

@MISC{Turley_undated-jf,
  title        = "Embedded systems survey: Operating systems up for grabs",
  booktitle    = "Embedded",
  author       = "Turley, Jim",
  abstract     = "This issue marks the second installment of our large-scale
                  survey of embedded systems developers from around the world.
                  In May we examined the ways in which embedded microprocessors
                  are evaluated and selected. This month we do the same for
                  operating systems.",
  howpublished = "\url{http://www.embedded.com/electronics-blogs/-include/4025539/Embedded-systems-survey-Operating-systems-up-for-grabs}",
  note         = "Accessed: 2016-3-12"
}

@MISC{noauthor_undated-vf,
  title        = "{µC/OS-III} {RTOS} Kernel | Micrium",
  abstract     = "µC/OS-III is a highly portable, ROMable, scalable,
                  preemptive, real-time, deterministic, multitasking kernel for
                  microprocessors, microcontrollers and DSPs.",
  howpublished = "\url{https://www.micrium.com/rtos/ucosiii/overview/}",
  note         = "Accessed: 2016-3-12"
}

@MISC{Ballve2013-bp,
  title        = "Wearable Gadgets Are Still Not Getting The Attention They
                  Deserve --- Here's Why They Will Create A Massive New Market",
  booktitle    = "Business Insider",
  author       = "Ballve, Marcelo",
  abstract     = "Wearable computing will become a $12 billion-sized category
                  in the next five years. These are the reasons why skeptics
                  underestimate wearables.",
  month        =  "29~" # aug,
  year         =  2013,
  howpublished = "\url{http://www.businessinsider.com/wearable-devices-create-a-new-market-2013-8}",
  note         = "Accessed: 2016-3-12"
}

@MISC{noauthor_2015-cg,
  title        = "Internet of Things Market Statistics - 2015 - {IoT} stats",
  booktitle    = "{WebIntel} by Ironpaper",
  abstract     = "Internet of Things Market Statistics \& Predictions - IoT
                  stats for 2015. Market size of the internet of things. How
                  big is the internet of things market?",
  month        =  "5~" # mar,
  year         =  2015,
  howpublished = "\url{http://www.ironpaper.com/webintel/articles/internet-things-market-statistics-2015/}",
  note         = "Accessed: 2016-3-12"
}

@BOOK{Labrosse2002-lk,
  title     = "{MicroC/OS-II}: The Real Time Kernel",
  author    = "Labrosse, Jean J",
  abstract  = "This updated edition describes the design and implementation of
               the MicroC/OS-II real-time operating system and offers an
               extremely detailed and highly readable design study useful to
               students.",
  publisher = "CMP Media",
  month     =  "5~" # feb,
  year      =  2002
}


